@article{dutta2005qrock,
  title={QROCK: A quick version of the ROCK algorithm for clustering of categorical data},
  author={Dutta, Mala and Mahanta, A Kakoti and Pujari, Arun K},
  journal={Pattern Recognition Letters},
  volume={26},
  number={15},
  pages={2364--2373},
  year={2005},
  publisher={Elsevier}
}
@article{mahanta2008finding,
  title={Finding calendar-based periodic patterns},
  author={Mahanta, Anjana Kakoti and Mazarbhuiya, Fokrul Alom and Baruah, Hemanta K},
  journal={Pattern Recognition Letters},
  volume={29},
  number={9},
  pages={1274--1284},
  year={2008},
  publisher={Elsevier}
}