%% This BibTeX bibliography file was created using BibDesk.
%% http://bibdesk.sourceforge.net/

%% Saved with string encoding Unicode (UTF-8) 



@book{App88,
  author    = {Appel, A. W.},
  editor    = {},
  publisher = {Cambridge University Press},
  title     = {Modern Compiler Implementation in ML},
  year      = {1988}
}

@book{levine_J,
  author    = {John R. Levine},
  editor    = {Simon St.Laurent},
  publisher = {O"Reilly Media, Inc.},
  title     = {flex \& bison},
  year      = {2009},
  isbn      = {978-0-596-15597-1}
}

@book{muc97,
  author    = {MUCHNICK, S. S.},
  editor    = {},
  publisher = {Morgan Kaufmann Publishers},
  title     = {Advanced Compiler Design and Implementation.},
  year      = {1997}
}

@book{pri_b,
  author    = {Alfred, V. Aho. and Monica, S. L. and Ravi, S. and Jeffrey, D. Ullman},
  publisher = {Pearson Addison-Wesley},
  title     = {Compilers: Principles, techniques, and Tools},
  year      = {2007}
}

@article{pri_p,
  author  = {Abdulaziz Ghuloum},
  journal = {International Conference on Functional Programming (ICFP)},
  number  = {},
  title   = {An Incremental Approach to Compiler Construction},
  volume  = {},
  year    = {Sept 17, 2006}
}

@misc{C_grammar,
  author = {Jeff Lee},
  editor = {Jutta Degener},
  title = {ANSI C Grammar},
  url = {https://www.lysator.liu.se/c/ANSI-C-grammar-l.html},
  lastchecked = {1995},
  year = {April 30, 1985}
}

